<record><leader>00000cas a2200000 i 4500</leader><controlfield tag="001">971627556</controlfield><controlfield tag="008">170208d18981906nduwr neo     0   a0eng  </controlfield><datafield ind1=" " ind2=" " tag="010"><subfield code="a">  2017218569</subfield></datafield><datafield ind1=" " ind2=" " tag="040"><subfield code="a">DLC</subfield><subfield code="b">eng</subfield><subfield code="e">rda</subfield><subfield code="c">DLC</subfield><subfield code="d">OCLCF</subfield></datafield><datafield ind1="0" ind2=" " tag="022"><subfield code="a">2475-9899</subfield><subfield code="2">1</subfield></datafield><datafield ind1=" " ind2=" " tag="042"><subfield code="a">pcc</subfield><subfield code="a">nsdp</subfield></datafield><datafield ind1=" " ind2=" " tag="043"><subfield code="a">n-us-nd</subfield></datafield><datafield ind1="1" ind2="0" tag="050"><subfield code="a">ISSN RECORD</subfield></datafield><datafield ind1="1" ind2="0" tag="082"><subfield code="a">071</subfield><subfield code="2">23</subfield></datafield><datafield ind1=" " ind2="0" tag="222"><subfield code="a">Oakes Republican</subfield><subfield code="b">(Online)</subfield></datafield><datafield ind1="0" ind2="0" tag="245"><subfield code="a">Oakes Republican.</subfield></datafield><datafield ind1=" " ind2="1" tag="264"><subfield code="a">Oakes, North Dakota :</subfield><subfield code="b">Ed. A. Smith</subfield></datafield><datafield ind1=" " ind2=" " tag="300"><subfield code="a">1 online resource</subfield></datafield><datafield ind1=" " ind2=" " tag="310"><subfield code="a">Weekly</subfield></datafield><datafield ind1=" " ind2=" " tag="336"><subfield code="a">text</subfield><subfield code="b">txt</subfield><subfield code="2">rdacontent</subfield></datafield><datafield ind1=" " ind2=" " tag="337"><subfield code="a">computer</subfield><subfield code="b">c</subfield><subfield code="2">rdamedia</subfield></datafield><datafield ind1=" " ind2=" " tag="338"><subfield code="a">online resource</subfield><subfield code="b">cr</subfield><subfield code="2">rdacarrier</subfield></datafield><datafield ind1="1" ind2=" " tag="362"><subfield code="a">Began in 1898; ceased with volume XXII, number 52 (January 18, 1906).</subfield></datafield><datafield ind1=" " ind2=" " tag="500"><subfield code="a">"Official paper City of Oakes, County of Dickey."</subfield></datafield><datafield ind1=" " ind2=" " tag="530"><subfield code="a">Available on microfilm from the State Historical Society of North Dakota.</subfield></datafield><datafield ind1=" " ind2=" " tag="588"><subfield code="a">Description based on: Vol. XV, no. 32 (August 12, 1898); title from masthead (Chroniclingamerica.loc.gov, viewed February 8, 2017).</subfield></datafield><datafield ind1=" " ind2=" " tag="588"><subfield code="a">Latest issue consulted: Volume XXII, number 52 (January 18, 1906) (Chroniclingamerica.loc.gov, viewed February 8, 2017).</subfield></datafield><datafield ind1=" " ind2="0" tag="651"><subfield code="a">Oakes (N.D.)</subfield><subfield code="v">Newspapers.</subfield></datafield><datafield ind1=" " ind2="7" tag="655"><subfield code="a">Newspapers.</subfield><subfield code="2">fast</subfield><subfield code="0">(OCoLC)fst01423814</subfield></datafield><datafield ind1=" " ind2="7" tag="651"><subfield code="a">North Dakota</subfield><subfield code="z">Oakes.</subfield><subfield code="2">fast</subfield><subfield code="0">(OCoLC)fst01248959</subfield></datafield><datafield ind1=" " ind2=" " tag="752"><subfield code="a">United States</subfield><subfield code="b">North Dakota</subfield><subfield code="c">Dickey</subfield><subfield code="d">Oakes.</subfield></datafield><datafield ind1="0" ind2="8" tag="776"><subfield code="i">Originally issued in print:</subfield><subfield code="t">Oakes Republican</subfield><subfield code="x">2475-9880</subfield><subfield code="w">(DLC)sn 88076145</subfield><subfield code="w">(OCoLC)18065383</subfield></datafield><datafield ind1="0" ind2="0" tag="780"><subfield code="t">Oakes weekly Republican</subfield></datafield><datafield ind1="0" ind2="5" tag="780"><subfield code="t">Oakes idependent</subfield></datafield><datafield ind1="0" ind2="0" tag="785"><subfield code="t">Oakes times</subfield></datafield><datafield ind1="4" ind2="0" tag="856"><subfield code="u">http://www.loc.gov/chroniclingamerica/lccn/sn88076145/issues</subfield></datafield></record>